@book{heitler,
  title     = "The Quantum Theory of Radiation",
  author    = "Heitler, W.",
  year      = 1954,
  publisher = "Clarendon Press",
  address   = "Oxford"
}

@article{sauter,
author = {Sauter, Fritz},
year = {2006},
month = {03},
pages = {454 - 488},
title = {{Über den atomaren Photoeffekt in der K‐Schale nach der relativistischen Wellenmechanik Diracs}},
volume = {403},
journal = {Annalen der Physik},
doi = {10.1002/andp.19314030406}
}

@techreport{hubbell1969,
    author      = {J. H. Hubbell},
    title       = {Photon Cross Sections, Attenuation Coefficients, and Energy Absorption Coefficients From 10 {keV} to 100 {GeV}},
    year        = 1969,
    number      = {NSRDS-NBS 29},
    institution = {National Bureau of Standards}
}

@techreport{nist,
  author      = "Hubbell, J. M. and Seltzer, S. M.",
  title       = "Tables of X-Ray Mass Attenuation Coefficients and Mass Energy-Absorption Coefficients from 1 keV to 20 MeV for Elements Z = 1 to 92 and 48 Additional Substances of Dosimetric Interest",
  institution = "National Institute of Standards and Technology",
  year        = "1995",
  number      = "NISTIR 5632",
  month       = "05",
}